@book {CFG94,
    AUTHOR = {Croft, Hallard T. and Falconer, Kenneth J. and Guy, Richard
              K.},
     TITLE = {Unsolved problems in geometry},
    SERIES = {Problem Books in Mathematics},
      NOTE = {Corrected reprint of the 1991 original [ MR1107516
              (92c:52001)],
              Unsolved Problems in Intuitive Mathematics, II},
 PUBLISHER = {Springer-Verlag, New York},
      YEAR = {1994},
     PAGES = {xvi+198},
      ISBN = {0-387-97506-3},
   MRCLASS = {52-02},
  MRNUMBER = {1316393 (95k:52001)},
MRREVIEWER = {W. Moser},
}
@book {KleeWagon91,
    AUTHOR = {Klee, Victor and Wagon, Stan},
     TITLE = {Old and new unsolved problems in plane geometry and number
              theory},
    SERIES = {The Dolciani Mathematical Expositions},
    VOLUME = {11},
 PUBLISHER = {Mathematical Association of America, Washington, DC},
      YEAR = {1991},
     PAGES = {xvi+333},
      ISBN = {0-88385-315-9},
   MRCLASS = {00A07 (01A05 11-02 51-02)},
  MRNUMBER = {1133201 (92k:00014)},
MRREVIEWER = {F. J. Papp},
}
@article {Paulhus98,
    AUTHOR = {Paulhus, Marc M.},
     TITLE = {An algorithm for packing squares},
   JOURNAL = {J. Combin. Theory Ser. A},
  FJOURNAL = {Journal of Combinatorial Theory. Series A},
    VOLUME = {82},
      YEAR = {1998},
    NUMBER = {2},
     PAGES = {147--157},
      ISSN = {0097-3165},
     CODEN = {JCBTA7},
   MRCLASS = {52C20 (05B45)},
  MRNUMBER = {1620857 (99e:52028)},
MRREVIEWER = {B{\'e}la Uhrin},
       DOI = {10.1006/jcta.1997.2836},
       URL = {http://dx.doi.org.myaccess.library.utoronto.ca/10.1006/jcta.1997.2836},
}
@article {Balint98,
    AUTHOR = {B{\'a}lint, Vojtech},
     TITLE = {Two packing problems},
   JOURNAL = {Discrete Math.},
  FJOURNAL = {Discrete Mathematics},
    VOLUME = {178},
      YEAR = {1998},
    NUMBER = {1-3},
     PAGES = {233--236},
      ISSN = {0012-365X},
     CODEN = {DSMHA4},
   MRCLASS = {05B40},
  MRNUMBER = {1483753 (98f:05041)},
       DOI = {10.1016/S0012-365X(97)81831-6},
       URL = {http://dx.doi.org.myaccess.library.utoronto.ca/10.1016/S0012-365X(97)81831-6},
}
@incollection {Balint92,
    AUTHOR = {B{\'a}lint, Vojtech},
     TITLE = {A packing problem and geometrical series},
 BOOKTITLE = {Fourth {C}zechoslovakian {S}ymposium on {C}ombinatorics,
              {G}raphs and {C}omplexity ({P}rachatice, 1990)},
    SERIES = {Ann. Discrete Math.},
    VOLUME = {51},
     PAGES = {17--21},
 PUBLISHER = {North-Holland, Amsterdam},
      YEAR = {1992},
   MRCLASS = {52C15 (05B40)},
  MRNUMBER = {1206238 (94b:52031)},
MRREVIEWER = {W. Moser},
       DOI = {10.1016/S0167-5060(08)70600-9},
       URL = {http://dx.doi.org.myaccess.library.utoronto.ca/10.1016/S0167-5060(08)70600-9},
}
