@article {MR0229142,
    AUTHOR = {Meir, A. and Moser, L.},
     TITLE = {On packing of squares and cubes},
   JOURNAL = {J. Combinatorial Theory},
    VOLUME = {5},
      YEAR = {1968},
     PAGES = {126--134},
   MRCLASS = {52.45},
  MRNUMBER = {0229142 (37 \#4716)},
MRREVIEWER = {F. Supnick},
}

@article {MR0215197,
    AUTHOR = {Moon, J. W. and Moser, L.},
     TITLE = {Some packing and covering theorems},
   JOURNAL = {Colloq. Math.},
  FJOURNAL = {Colloquium Mathematicum},
    VOLUME = {17},
      YEAR = {1967},
     PAGES = {103--110},
      ISSN = {0010-1354},
   MRCLASS = {52.45},
  MRNUMBER = {0215197 (35 \#6040)},
MRREVIEWER = {R. P. Bambah},
}